@article{silver,
    author =       "Silver, D., Huang, A., Maddison, C. et al.",
    title =        " Mastering the game of Go with deep neural networks and tree search",
    journal =      "Nature",
    volume =       529",
    pages =        "484–-489",
    year =         "2016",
    DOI =          "https://doi.org/10.1038/nature16961"
}

@article{Ren,
	author = "Shaoqing Ren, Kaiming He, Ross Girshick, Jian Sun,"
	title = "Faster R-CNN: Towards Real-Time Object Detection with Region Proposal Networks",
    archivePrefix = {arXiv},
    eprint = {1506.01497v3},
    primaryClass = {quant-ph},
    eprint = {quant-ph/0401062},
}
 
@book{Chollet,
    author    = "Francois Chollet ",
    title     = "Deep Learning with Python",
    year      = "2017",
    publisher = "Manning Publications",
    address   = "E.E.U.U."
}
 
@misc{yee,
    author    = "stephanie yee, Tony Chu ",
    title     = "Una introducción visual al machine learning",
    url       = "http://www.r2d3.us/una-introduccion-visual-al-machine-learning-1/"
}